@book{cormen2009introduction,
  title={Introduction to algorithms},
  author={Cormen, Thomas H and Leiserson, Charles E and Rivest, Ronald L and Stein, Clifford},
  year={2009},
  publisher={MIT press}
}
@inproceedings{owre1992pvs,
  title={PVS: A prototype verification system},
  author={Owre, Sam and Rushby, John M and Shankar, Natarajan},
  booktitle={International Conference on Automated Deduction},
  pages={748--752},
  year={1992},
  organization={Springer}
}